@article{lorimer2007bright,
  title={A bright millisecond radio burst of extragalactic origin},
  author={Lorimer, Duncan R and Bailes, Matthew and McLaughlin, Maura Ann and Narkevic, David J and Crawford, Froney},
  journal={Science},
  volume={318},
  number={5851},
  pages={777--780},
  year={2007},
  publisher={American Association for the Advancement of Science}
}

@article{spitler2016repeating,
  title={A repeating fast radio burst},
  author={Spitler, LG and Scholz, P and Hessels, JWT and Bogdanov, S and Brazier, A and Camilo, F and Chatterjee, S and Cordes, JM and Crawford, F and Deneva, J and others},
  journal={Nature},
  volume={531},
  number={7593},
  pages={202--205},
  year={2016},
  publisher={Nature Publishing Group UK London}
}

@article{scholz2016repeating,
  title={The repeating fast radio burst FRB 121102: multi-wavelength observations and additional bursts},
  author={Scholz, P and Spitler, LG and Hessels, JWT and Chatterjee, S and Cordes, JM and Kaspi, VM and Wharton, RS and Bassa, CG and Bogdanov, S and Camilo, F and others},
  journal={The Astrophysical Journal},
  volume={833},
  number={2},
  pages={177},
  year={2016},
  publisher={IOP Publishing}
}

@article{chatterjee2017direct,
  title={A direct localization of a fast radio burst and its host},
  author={Chatterjee, S and Law, CJ and Wharton, RS and Burke-Spolaor, S and Hessels, JWT and Bower, GC and Cordes, JM and Tendulkar, SP and Bassa, CG and Demorest, P and others},
  journal={Nature},
  volume={541},
  number={7635},
  pages={58--61},
  year={2017},
  publisher={Nature Publishing Group UK London}
}

@article{tendulkar2017host,
  title={The host galaxy and redshift of the repeating fast radio burst FRB 121102},
  author={Tendulkar, Shriharsh P and Bassa, CG and Cordes, James M and Bower, Geoffery C and Law, Casey J and Chatterjee, Shamibrata and Adams, Elizabeth AK and Bogdanov, Slavko and Burke-Spolaor, Sarah and Butler, Bryan J and others},
  journal={The Astrophysical Journal Letters},
  volume={834},
  number={2},
  pages={L7},
  year={2017},
  publisher={IOP Publishing}
}

@article{andersen2019chime,
  title={CHIME/FRB discovery of eight new repeating fast radio burst sources},
  author={Andersen, BC and Bandura, K and Bhardwaj, M and Boubel, P and Boyce, MM and Boyle, PJ and Brar, C and Cassanelli, T and Chawla, P and Cubranic, D and others},
  journal={The Astrophysical Journal Letters},
  volume={885},
  number={1},
  pages={L24},
  year={2019},
  publisher={IOP Publishing}
}

@article{pleunis2021fast,
  title={Fast radio burst morphology in the first CHIME/FRB catalog},
  author={Pleunis, Ziggy and Good, Deborah C and Kaspi, Victoria M and Mckinven, Ryan and Ransom, Scott M and Scholz, Paul and Bandura, Kevin and Bhardwaj, Mohit and Boyle, PJ and Brar, Charanjot and others},
  journal={The Astrophysical Journal},
  volume={923},
  number={1},
  pages={1},
  year={2021},
  publisher={IOP Publishing}
}

@article{amiri2018chime,
  title={The CHIME fast radio burst project: system overview},
  author={Amiri, M and Bandura, K and Berger, P and Bhardwaj, M and Boyce, MM and Boyle, PJ and Brar, C and Burhanpurkar, M and Chawla, P and Chowdhury, J and others},
  journal={The Astrophysical Journal},
  volume={863},
  number={1},
  pages={48},
  year={2018},
  publisher={IOP Publishing}
}

@article{amiri2022overview,
  title={An overview of CHIME, the Canadian hydrogen intensity mapping experiment},
  author={Amiri, Mandana and Bandura, Kevin and Boskovic, Anja and Chen, Tianyue and Cliche, Jean-Fran{\c{c}}ois and Deng, Meiling and Denman, Nolan and Dobbs, Matt and Fandino, Mateus and Foreman, Simon and others},
  journal={The Astrophysical Journal Supplement Series},
  volume={261},
  number={2},
  pages={29},
  year={2022},
  publisher={IOP Publishing}
}

@article{andersen2019chime,
  title={CHIME/FRB discovery of eight new repeating fast radio burst sources},
  author={Andersen, BC and Bandura, K and Bhardwaj, M and Boubel, P and Boyce, MM and Boyle, PJ and Brar, C and Cassanelli, T and Chawla, P and Cubranic, D and others},
  journal={The Astrophysical Journal Letters},
  volume={885},
  number={1},
  pages={L24},
  year={2019},
  publisher={IOP Publishing}
}

@article{good2023nondetection,
  title={Nondetection of CHIME/Fast Radio Burst Sources with the Arecibo Observatory},
  author={Good, Deborah C and Chawla, Pragya and Fonseca, Emmanuel and Kaspi, Victoria and Meyers, BW and Pleunis, Ziggy and Sand, Ketan R and Scholz, Paul and Stairs, IH and Tendulkar, Shriharsh P},
  journal={The Astrophysical Journal},
  volume={944},
  number={1},
  pages={70},
  year={2023},
  publisher={IOP Publishing}
}

@article{oppermann2018non,
  title={On the non-Poissonian repetition pattern of FRB121102},
  author={Oppermann, Niels and Yu, Hao-Ran and Pen, Ue-Li},
  journal={Monthly Notices of the Royal Astronomical Society},
  volume={475},
  number={4},
  pages={5109--5115},
  year={2018},
  publisher={Oxford University Press}
}

@article{mckinven2022nine,
  title={Nine Bursts in Three Days from a Newly Discovered Repeating Source of Fast Radio Bursts},
  author={McKinven, Ryan and Chime/Frb Collaboration and others},
  journal={The Astronomer's Telegram},
  volume={15679},
  pages={1},
  year={2022}
}